@book{rudin,
  author       = "Walter Rudin",
  title        = {Principles of Mathematical Analysis},
  date         = 1976,
  isbn = "0-07-054235-X",
  publisher    = {McGraw-Hill Inc.},
  pages = {64--65, 178}
}

@misc{daners,
  author = "Daniel Daners",
  title = {Lecture Notes for {MATH2923}},
  date = 2020,
  publisher = "{School of Mathematics and Statistics, The University of Sydney}",
  pages = {126}
}

@misc{syllabus,
  author = "{NSW Education Standards Authority}",
  publisher = "{NSW Education Standards Authority}",
  year = 2017,
  title = {Mathematics Extension 2 Stage 6 Syllabus},
  pages = {35,44}
}
